@inproceedings{deboer2016hydrogen,
  title={The Hydrogen Epoch of Reionization Array (HERA)},
  author={DeBoer, David R},
  booktitle={Electromagnetics in Advanced Applications (ICEAA), 2016 International Conference on},
  pages={525--528},
  year={2016},
  organization={IEEE}
}

@article{bernardi2013189,
  title={A 189 MHz, 2400 deg2 polarization survey with the Murchison Widefield Array 32-element prototype},
  author={Bernardi, G and Greenhill, LJ and Mitchell, Daniel A and Ord, SM and Hazelton, BJ and Gaensler, BM and de Oliveira-Costa, A and Morales, MF and Shankar, N Udaya and Subrahmanyan, R and others},
  journal={The Astrophysical Journal},
  volume={771},
  number={2},
  pages={105},
  year={2013},
  publisher={IOP Publishing}
}


